@book{Karbowski2015,
  author    = {Marcin Karbowski},
  title     = {Podstawy kryptografii},
  publisher = {Helion},
  year      = {2015},
  isbn      = {978-83-283-0958-6}
}

@misc{zkp_chainlink,
  author = {Chainlink},
  title  = {Zero-Knowledge Proof (ZKP) — Explained},
  year   = {2023},
  url    = {https://chain.link/education/zero-knowledge-proof-zkp},
  note   = {Dostęp: 01-02-2025}
}

@misc{zkp_101blockchains,
  author = {101 Blockchains},
  title  = {Zero-Knowledge Proof Example – The Ali Baba Cave},
  year   = {2023},
  url    = {https://101blockchains.com/zero-knowledge-proof-example/},
  note   = {Dostęp: 01-02-2025}
}

@misc{zkp_nfting,
  author = {NFTing},
  title  = {Zero-Knowledge Proof: Interactive vs. Non-Interactive},
  year   = {2023},
  url    = {https://nfting.medium.com/zero-knowledge-proof-interactive-vs-non-interactive-a8ba6e2cd7c7},
  note   = {Dostęp: 01-02-2025}
}

@misc{trusted_setup_panther,
  author = {Panther Team},
  title  = {Understanding Trusted Setups: A Guide},
  year   = {2022},
  url    = {https://blog.pantherprotocol.io/a-guide-to-understanding-trusted-setups/},
  note   = {Dostęp: 01-02-2025}
}